<record><leader>00000cas a22000007a 4500</leader><controlfield tag="001">18155021</controlfield><controlfield tag="008">880630d18861889ohuwr ne      0    0eng d</controlfield><datafield ind1=" " ind2=" " tag="010"><subfield code="a">sn 88077623 </subfield></datafield><datafield ind1=" " ind2=" " tag="040"><subfield code="a">ONP</subfield><subfield code="b">eng</subfield><subfield code="c">ONP</subfield><subfield code="d">OCLCQ</subfield></datafield><datafield ind1=" " ind2=" " tag="042"><subfield code="a">msc</subfield></datafield><datafield ind1="0" ind2="4" tag="245"><subfield code="a">The Williamsport rip-saw.</subfield></datafield><datafield ind1=" " ind2=" " tag="260"><subfield code="a">Williamsport, O. [Ohio] :</subfield><subfield code="b">Rip Saw Pub. Co.,</subfield><subfield code="c">1886-</subfield></datafield><datafield ind1=" " ind2=" " tag="310"><subfield code="a">Weekly</subfield></datafield><datafield ind1="0" ind2=" " tag="362"><subfield code="a">Vol. 1, no. 1 (Feb. 27, 1886)-</subfield></datafield><datafield ind1="1" ind2=" " tag="362"><subfield code="a">Ceased in 1889.</subfield></datafield><datafield ind1=" " ind2=" " tag="515"><subfield code="a">Suspended between Feb. 15, 1889-May 3, 1889.</subfield></datafield><datafield ind1=" " ind2=" " tag="752"><subfield code="a">United States</subfield><subfield code="b">Ohio</subfield><subfield code="c">Pickaway</subfield><subfield code="d">Williamsport.</subfield></datafield><datafield ind1="0" ind2="0" tag="785"><subfield code="t">Williamsport news (Williamsport, Ohio)</subfield><subfield code="w">(DLC)sn 85038075</subfield></datafield></record>